

@BOOK{b:moon,
  AUTHOR =      "Todd K.~Moon",
  TITLE =        "{Error Correction Coding ---
                    Mathematical Methods and Algorithms}",
  PUBLISHER =    "{John Wiley and Sons, Inc.}",
  YEAR =         "{2005}",
  month =        "{March}",
  isbn =         "{0-471-64800-0}",
  edition = "1\ap{th}"
}
@BOOK{b:mcwilliams,
  AUTHOR =       "{F. J.~MacWilliams, N. J.~Sloane}",
  TITLE =        "{The Theory of Error-Correcting Codes}",
  PUBLISHER =    "{North-Holland}",
  YEAR =         "{1977}",
  volume =       "{16}",
  edition =      "{I}"

}


@ARTICLE{b:mhoms,
  AUTHOR =       "{S.~Benedetto , R.~Garello , G.~Montorsi ,
                 C.~Berrou , C.~Douillard , D.~Giancristofaro ,
                 A.~Ginesi , L.~Giugno , M.~Luise }",
  TITLE =        "{MHOMS: High Speed ACM Modem for Satellite Application}",
  JOURNAL =      "{IEEE Wireless Communications}",
  YEAR =         "{2005}"

}

@ARTICLE{b:DVBS2system,
  AUTHOR =       "{A.~Morello , V.~Mignone }",
  TITLE =        "{Il sistema DVB-S2 di seconda generazione per la trasmissione
                    via satellite a Unicast}",
  JOURNAL =      "{Elettronica e Telecomunicazioni}",
  YEAR =         "{2003}",
  number =       "{3}",
  month =        "{December}",
  source =       "{Rai Centro Ricerche e Innovazione Tecnologica --- Torino}"
}

@UNPUBLISHED{b:mhomsearthobs,
  AUTHOR =       "{D.~Giancristofaro , M.~Fonte , A.~Bernardi , I.~Martinazzo , M.~Livi ,
                    R.~Novello , A.~Ginesi , S.~Benedetto , G.~Montorsi , M.~Luise ,
                    L.~Giugno }",
  TITLE =        "{The MHOMS 1~Gbps Modem for Future Earth Observation}"
}
@MANUAL{b:DVBstandard,
  TITLE =        "{EN 302 307 v1.1.1 --- Digital Video Broadcasting (DVB); Second generation
                    framing structure, channel coding and modulation systems
                    for Broadcasting, Interactive Services, News Gathering and
                    other broadband satellite applications}",
  organization = "{European Telecommunications Standard Institute}",
  address =      "{650 Route des Lucioles
                  F-06921 Sophia Antipolis Cedex - FRANCE}",
  month =        "{March}",
  year =         "{2005}"

}

@MANUAL{b:DVBstandardTR,
  TITLE =        "{TR 102 376 v1.1.1 --- Digital Video Broadcasting (DVB);
                  User guidelines for the second generation system for
                  Broadcasting, Interactive Services, News Gathering and other
                    broadband satellite applications (DVB-S2)}",
  organization = "{European Telecommunications Standard Institute}",
  address =      "{650 Route des Lucioles
                  F-06921 Sophia Antipolis Cedex - FRANCE}",
  month =        "{March}",
  year =         "{2005}"

}


@BOOK{b:wicker,
  AUTHOR =       "{Stephen B.~Wicker}",

  TITLE =        "{Error Control System for Digital Communication and Storage}",
  PUBLISHER =    "{Prentice-Hall}",
  YEAR =         "{1995}"

}

@BOOK{b:ProakisDG,
  AUTHOR =       "{John G.~Proakis}",
  TITLE =        "{Digital Communications}",
  PUBLISHER =    "{McGraw-Hill}",
  YEAR =         "{1995}",
  edition =      "{III}"
}


@MISC{b:ErrFloor,
  author =       "{Roberto Garello, Franco Chiaraluce, Paola Pierleoni, Marco Scaloni, Sergio Benedetto}",
  title =        "{On Error Floor and Free Distance of Turbo Codes}"

}

@PHDTHESIS{b:LDPCGall,
  AUTHOR =       "{Robert Gallagher}",
  TITLE =        "{Low-Density Parity-Check Codes}",
  SCHOOL =       "{Massachussets Institute of Technology}",
  YEAR =         "{1963}",
  type =         "{Revisited Version}",
  address =      "{Cambridge, Mass.}",
  month =        "{July}"
}

@ARTICLE{b:Turbo,
  AUTHOR =       "{Claude Berrou, Alain Glavieux, Punya Thitimajshima}",
  TITLE =        "{Near Shannon Limit Error -- Correcting Coding and Decoding: Turbo Codes}",
  JOURNAL =      "{IEEE}",
  YEAR =         "{1993}"
}

@ARTICLE{b:BICM,
  AUTHOR =       "{G.Caire, G.Taricco, E.Biglieri}",
  TITLE =        "{Bit Interleaved Coded Modulation}",
  JOURNAL =      "{IEEE}",
  YEAR =         "{1997}",
  pages =        "{1463-1466}",
  note =         "{Research supported by European Space Agency (ESA)}",
  keywords =     "{Coded modulations, bit interleaving, fading channels}"
  }

@ARTICLE{b:TCM,
  AUTHOR =       "{Gottfried Ungerboek}",
  TITLE =        "{Channel Coding with Multilevel/Phase Signal}",
  JOURNAL =      "{IEEE Transactions on Information Theory}",
  YEAR =         "{1981}",
  pages =        "{55-67}",
  number =       "{1}",
  month =        "{January}"
  }

@ARTICLE{b:Shannon,
  AUTHOR =       "{Claude E.Shannon}",
  TITLE =         "{A Mathematical Theory of Communications}",
  JOURNAL =      "{The Bell System Technical Journal}",
  YEAR =         "{1948}",
  volume =       "{27}",
  pages =        "{379-423, 623-656}",
  month =        "{July, October}"
}

@UNPUBLISHED{b:COSMOSKYMED,
  AUTHOR =       "{S.Fagioli, A.Capuzi, R.Leonardi, G.Angino}",
  TITLE =        "{COSMO-SKYMED: The Italian Contribution to The French-Italian
                   Inter-Governmental Agreement on Earth Observation}",
  NOTE =         "{Customer Application Note}",
  year =         "{2006}"
}

@ARTICLE{b:UEP1,
  AUTHOR =       "{Michael Gallant, Faouzi Kossentini}",
  TITLE =        "{Rate-Distortion Optimized Layered Coding with
                  Unequal Error Protection for Robust Internet Video}",
  JOURNAL =      "{IEEE TRANSACTIONS ON CIRCUITS AND SYSTEMS FOR VIDEO TECHNOLOGY}",
  YEAR =         "{2001}",
  volume =       "{11}",
  number =       "{3}",
  pages =        "{357-372}",
  month =        "{March}"
}

@ARTICLE{b:UEP2,
  AUTHOR =       "{Joohee Kim, Russell M. Mersereau, Yucel Altunbasak}",
  TITLE =        "{Error-Resilient Image and Video Transmission
                   Over the Internet Using Unequal Error Protection}",
  JOURNAL =      "{IEEE TRANSACTIONS ON IMAGE PROCESSING}",
  YEAR =         "{2003}",
  volume =       "{12}",
  number =       "{2}",
  pages =        "{121-131}",
  month =        "{February}"
}

@ARTICLE{b:TCMpunct,
  AUTHOR =       "{P.Robertson and T.Worz}",
  TITLE =        "{Bandwidth-efficient turbo trellis-coded modulation using punctured
                  component codes}",
  JOURNAL =      "{IEEE J. Select. Areas Commun.}",
  YEAR =         "{1998}",
  volume =       "{16}",
  number =       "{2}",
  pages =        "{206-218}",
  month =        "{February}"
}

@ARTICLE{b:LDPCRinascita,
  AUTHOR =       "{Tom Richardson}",
  TITLE =        "{The Renaissance of Gallager's
                    Low-Density Parity-Check Codes}",
  JOURNAL =      "{IEEE Communications Magazine}",
  YEAR =         "{2003}",
  pages =        "{126--131}",
  month =        "{August}"
}

@ARTICLE{b:ACMBiglieri,
  AUTHOR =       "{Ezio Biglieri}",
  TITLE =        "{Digital Transmission in the 21st Century:
                   Conflating Modulation and Coding}",
  JOURNAL =      "{IEEE Communications Magazine}",
  YEAR =         "{2002}",
  pages =        "{128--137}",
  month =        "{May}"
}

@BOOK{b:MacKay,
  AUTHOR =       "{David J.C. MacKay}",
  TITLE =        "{Information Theory, Inference, and Learning Algorithms}",
  PUBLISHER =    "{Cambridge University Press}",
  YEAR =         "{2003}"
}
